@string(CVPR= {IEEE Conf. Comput. Vis. Pattern Recog.})
@string(CVPRW= {IEEE Conf. Comput. Vis. Pattern Recog. Worksh.})
@string(ICCV= {Int. Conf. Comput. Vis.})
@string(NIPS= {Adv. Neural Inform. Process. Syst.}),
@string(ECCV= {Eur. Conf. Comput. Vis.})
@string(BMVC= {Brit. Mach. Vis. Conf.})

@string(ICIP = {IEEE Int. Conf. Image Process.})
@string(ACMMM= {ACM Int. Conf. Multimedia})
@string(ICME = {Int. Conf. Multimedia and Expo})
@string(ICPR = {Int. Conf. Pattern Recog.})
@string(ICLR = {Int. Conf. Learn. Represent.})

@string(SPL	= {IEEE Signal Processing Letters})
@string(IJCV = {Int. J. Comput. Vis.})
@string(PAMI = {IEEE Trans. Pattern Anal. Mach. Intell.})
@string(PR   = {Pattern Recognition})
@string(TIP  = {IEEE Trans. Image Process.})
@string(CSVT = {IEEE Trans. Circuit Syst. Video Technol.})
@string(VR   = {Vis. Res.})
@string(JOV	 = {J. Vis.})
@string(TMM  = {IEEE Trans. Multimedia})
@string(TVC  = {The Vis. Comput.})
@string(JCST  = {J. Comput. Sci. Tech.})
@string(CGF  = {Comput. Graph. Forum})

@string(CVPR=		{IEEE Conference on Computer Vision and Pattern Recognition (CVPR)})
@string(ICCV=		{IEEE International Conference on Computer Vision (ICCV)})
@string(NIPS=       {Advances in Neural Information Processing Systems (NIPS)}),
@string(ECCV=		{European Conference on Computer Vision (ECCV)})
@string(BMVC=		{British Machine Vision Conference (BMVC)})
@string(AAAI=		{The National Conference on Artificial Intelligence (AAAI)})
@string(ICASSP=		{IEEE International Conference on Acoustics, Speech, and Signal Processing (ICASSP)})
@string(ICIP=	    {IEEE Conference on Image Processing (ICIP)})
@string(ACMMM=	    {ACM International Conference on Multimedia})
@string(ICME=	    {IEEE International Conference on Multimedia and Expo (ICME)})
@string(ICPR=		{International Conference on Pattern Recognition (ICPR)})
@string(IJCAI=		{International Joint Conference on Artificial Intelligence (IJCAI)})

@string(SPL=		{IEEE Signal Processing Letters})
@string(IJCV=	    {International Journal of Computer Vision})
@string(PAMI=		{IEEE Transactions on Pattern Analysis and Machine Intelligence})
@string(PR=	     	{Pattern Recognition})
@string(TIP=		{IEEE Transactions on Image Processing})
@string(CSVT=		{IEEE Transactions on Circuits and Systems for Video Technology})
@string(VR=		    {Vision Research})
@string(JOV=		{Journal of Vision})
@string(TMM=		{IEEE Transactions on Multimedia})
@string(ICML=		{International Conference on Learning Representations})






@Misc{pytorch_sum,
howpublished = {\url{https://github.com/gasvn/pytorch_summary/}},
title = {Pytorch summary}
}
@Misc{inception_result,
howpublished = {\url{https://pytorch.org/docs/stable/torchvision/models.html\#torchvision-models}},
title = {Pytorch official implementation of Inception v3},
}
@article{belongie2002shape,
  title={Shape Matching and Object Recognition Using Shape Contexts},
  author={Belongie, Serge and Malik, Jitendra and Puzicha, Jan},
  journal=PAMI,
  year={2002}, 
  volume={24}, 
  number={4}, 
  pages={509-522}, 
}

@article{lowe2004distinctive,
  title={Distinctive image features from scale-invariant keypoints},
  author={Lowe, David G},
  journal=IJCV,
  volume={60},
  number={2},
  pages={91--110},
  year={2004},
  publisher={Springer}
}
@techreport{krizhevsky2009learning,
  title={Learning multiple layers of features from tiny images},
  author={Krizhevsky, Alex and Hinton, Geoffrey},
  year={2009},
  institution={Citeseer}
}
@article{everingham2010pascal,
  title={The pascal visual object classes (voc) challenge},
  author={Everingham, Mark and Van Gool, Luc and Williams, Christopher KI and Winn, John and Zisserman, Andrew},
  journal=IJCV,
  volume={88},
  number={2},
  pages={303--338},
  year={2010},
  publisher={Springer}
}
@inproceedings{movahedi2010design,
  title={Design and perceptual validation of performance measures for salient object segmentation},
  author={Movahedi, Vida and Elder, James H},
  booktitle=CVPR,
  pages={49--56},
  year={2010},
  organization={IEEE}
}
@article{liu2011learning,
  title={Learning to detect a salient object},
  author={Liu, Tie and Yuan, Zejian and Sun, Jian and Wang, Jingdong and Zheng, Nanning and Tang, Xiaoou and Shum, Heung-Yeung},
  journal=PAMI,
  volume={33},
  number={2},
  pages={353--367},
  year={2011},
  publisher={IEEE}
}
@inproceedings{hariharan2011semantic,
  title={Semantic contours from inverse detectors},
  author={Hariharan, Bharath and Arbel{\'a}ez, Pablo and Bourdev, Lubomir and Maji, Subhransu and Malik, Jitendra},
  booktitle=ICCV,
  year={2011},
  publisher={IEEE}
}
@inproceedings{krizhevsky2012imagenet,
  title={Imagenet classification with deep convolutional neural networks},
  author={Krizhevsky, Alex and Sutskever, Ilya and Hinton, Geoffrey E},
  booktitle=NIPS,
  pages={1097--1105},
  year={2012}
}
@inproceedings{yan2013hierarchical,
  title={Hierarchical saliency detection},
  author={Yan, Qiong and Xu, Li and Shi, Jianping and Jia, Jiaya},
  booktitle=CVPR,
  pages={1155--1162},
  year={2013}
}
@inproceedings{yang2013saliency,
  title={Saliency detection via graph-based manifold ranking},
  author={Yang, Chuan and Zhang, Lihe and Lu, Huchuan and Ruan, Xiang and Yang, Ming-Hsuan},
  booktitle=CVPR,
  pages={3166--3173},
  year={2013}
}
@inproceedings{lin2013network,
  title={Network in network},
  author={Lin, Min and Chen, Qiang and Yan, Shuicheng},
  booktitle=ICLR,
  year={2013}
}


@inproceedings{girshick2014rich,
  title={Rich feature hierarchies for accurate object detection and semantic segmentation},
  author={Girshick, Ross and Donahue, Jeff and Darrell, Trevor and Malik, Jitendra},
  booktitle=CVPR,
  pages={580--587},
  year={2014}
}
@inproceedings{simonyan2014two,
  title={Two-stream convolutional networks for action recognition in videos},
  author={Simonyan, Karen and Zisserman, Andrew},
  booktitle=NIPS,
  pages={568--576},
  year={2014}
}
@inproceedings{li2014secrets,
  title={The secrets of salient object segmentation},
  author={Li, Yin and Hou, Xiaodi and Koch, Christof and Rehg, James M and Yuille, Alan L},
  booktitle=CVPR,
  pages={280--287},
  year={2014}
}
@inproceedings{simonyan2014very,
  title={Very deep convolutional networks for large-scale image recognition},
  author={Simonyan, Karen and Zisserman, Andrew},
  booktitle=ICLR,
  year={2014}
} 
@inproceedings{lin2014microsoft,
  title={Microsoft coco: Common objects in context},
  author={Lin, Tsung-Yi and Maire, Michael and Belongie, Serge and Hays, James and Perona, Pietro and Ramanan, Deva and Doll{\'a}r, Piotr and Zitnick, C Lawrence},
  booktitle=ECCV,
  pages={740--755},
  year={2014},
  organization={Springer}
}
@article{cheng2015global,
  title={Global contrast based salient region detection},
  author={Cheng, Ming-Ming and Mitra, Niloy J and Huang, Xiaolei and Torr, Philip HS and Hu, Shi-Min},
  journal=PAMI,
  volume={37},
  number={3},
  pages={569--582},
  year={2015},
  publisher={IEEE}
}
@inproceedings{li2015visual,
  title={Visual saliency based on multiscale deep features},
  author={Li, Guanbin and Yu, Yizhou},
  booktitle=CVPR,
  pages={5455--5463},
  year={2015}
}
%inception network
@inproceedings{szegedy2015going,  
  title={Going deeper with convolutions},
  author={Szegedy, Christian and Liu, Wei and Jia, Yangqing and Sermanet, Pierre and Reed, Scott and Anguelov, Dragomir and Erhan, Dumitru and Vanhoucke, Vincent and Rabinovich, Andrew},
  booktitle=CVPR,
  pages={1--9},
  year={2015}
}
@article{russakovsky2015imagenet,
  title={Imagenet large scale visual recognition challenge},
  author={Russakovsky, Olga and Deng, Jia and Su, Hao and Krause, Jonathan and Satheesh, Sanjeev and Ma, Sean and Huang, Zhiheng and Karpathy, Andrej and Khosla, Aditya and Bernstein, Michael and others},
  journal=IJCV,
  volume={115},
  number={3},
  pages={211--252},
  year={2015},
  publisher={Springer}
}
@article{borji2015salient,
  title={Salient object detection: A benchmark},
  author={Borji, Ali and Cheng, Ming-Ming and Jiang, Huaizu and Li, Jia},
  journal=TIP,
  volume={24},
  number={12},
  pages={5706--5722},
  year={2015},
  publisher={IEEE}
}
@article{he2015spatial,
  title={Spatial pyramid pooling in deep convolutional networks for visual recognition},
  author={He, Kaiming and Zhang, Xiangyu and Ren, Shaoqing and Sun, Jian},
  journal=PAMI,
  volume={37},
  number={9},
  pages={1904--1916},
  year={2015},
  publisher={IEEE}
}
@inproceedings{long2015fully,
  title={Fully convolutional networks for semantic segmentation},
  author={Long, Jonathan and Shelhamer, Evan and Darrell, Trevor},
  booktitle=CVPR,
  pages={3431--3440},
  year={2015}
}
@inproceedings{ren2015faster,
  title={Faster r-cnn: Towards real-time object detection with region proposal networks},
  author={Ren, Shaoqing and He, Kaiming and Girshick, Ross and Sun, Jian},
  booktitle=NIPS,
  pages={91--99},
  year={2015}
}
@inproceedings{han2015learning,
  title={Learning both weights and connections for efficient neural network},
  author={Han, Song and Pool, Jeff and Tran, John and Dally, William},
  booktitle=NIPS,
  pages={1135--1143},
  year={2015}
}

@inproceedings{xie2015holistically,
  title={Holistically-nested edge detection},
  author={Xie, Saining and Tu, Zhuowen},
  booktitle=CVPR,
  pages={1395--1403},
  year={2015}
}
@article{everingham2015pascal,
  title={The pascal visual object classes challenge: A retrospective},
  author={Everingham, Mark and Eslami, SM Ali and Van Gool, Luc and Williams, Christopher KI and Winn, John and Zisserman, Andrew},
  journal=IJCV,
  volume={111},
  number={1},
  pages={98--136},
  year={2015},
  publisher={Springer}
}
@inproceedings{zhao2015saliency,
  title={Saliency detection by multi-context deep learning},
  author={Zhao, Rui and Ouyang, Wanli and Li, Hongsheng and Wang, Xiaogang},
  booktitle=CVPR,
  pages={1265--1274},
  year={2015}
}
@inproceedings{bell2016inside,
  title={Inside-outside net: Detecting objects in context with skip pooling and recurrent neural networks},
  author={Bell, Sean and Lawrence Zitnick, C and Bala, Kavita and Girshick, Ross},
  booktitle=CVPR,
  pages={2874--2883},
  year={2016}
}
@inproceedings{szegedy2016rethinking,
  title={Rethinking the inception architecture for computer vision},
  author={Szegedy, Christian and Vanhoucke, Vincent and Ioffe, Sergey and Shlens, Jon and Wojna, Zbigniew},
  booktitle=CVPR,
  pages={2818--2826},
  year={2016}
}
@inproceedings{liu2016ssd,
  title={Ssd: Single shot multibox detector},
  author={Liu, Wei and Anguelov, Dragomir and Erhan, Dumitru and Szegedy, Christian and Reed, Scott and Fu, Cheng-Yang and Berg, Alexander C},
  booktitle=ECCV,
  pages={21--37},
  year={2016},
  organization={Springer}
}
@inproceedings{li2016deep,
  title={Deep contrast learning for salient object detection},
  author={Li, Guanbin and Yu, Yizhou},
  booktitle=CVPR,
  pages={478--487},
  year={2016}
}
@INPROCEEDINGS{Zagoruyko2016WRN,
    author = {Sergey Zagoruyko and Nikos Komodakis},
    title = {Wide Residual Networks},
    booktitle = BMVC,
    year = {2016}}
@inproceedings{he2016deep,
  title={Deep residual learning for image recognition},
  author={He, Kaiming and Zhang, Xiangyu and Ren, Shaoqing and Sun, Jian},
  booktitle=CVPR,
  pages={770--778},
  year={2016}
}
@inproceedings{he2017mask,
  title={Mask r-cnn},
  author={He, Kaiming and Gkioxari, Georgia and Doll{\'a}r, Piotr and Girshick, Ross},
  booktitle=ICCV,
  pages={2961--2969},
  year={2017}
}
@inproceedings{szegedy2017inception,
  title={Inception-v4, inception-resnet and the impact of residual connections on learning.},
  author={Szegedy, Christian and Ioffe, Sergey and Vanhoucke, Vincent and Alemi, Alexander A},
  booktitle=AAAI,
  volume={4},
  pages={12},
  year={2017}
}
@inproceedings{zhang2017multi,
  title={Multi-task correlation particle filter for robust object tracking},
  author={Zhang, Tianzhu and Xu, Changsheng and Yang, Ming-Hsuan},
  booktitle=CVPR,
  year={2017}
}
@inproceedings{lin2017feature,
  title={Feature Pyramid Networks for Object Detection.},
  author={Lin, Tsung-Yi and Doll{\'a}r, Piotr and Girshick, Ross B and He, Kaiming and Hariharan, Bharath and Belongie, Serge J},
  booktitle=CVPR,
  volume={1},
  pages={4},
  year={2017}
}
@inproceedings{chen2017dual,
  title={Dual path networks},
  author={Chen, Yunpeng and Li, Jianan and Xiao, Huaxin and Jin, Xiaojie and Yan, Shuicheng and Feng, Jiashi},
  booktitle=NIPS,
  pages={4467--4475},
  year={2017}
}
@Article{WangDRFI2017,
    author="Wang, Jingdong and Jiang, Huaizu and Yuan, Zejian and Cheng, Ming-Ming and Hu, Xiaowei and Zheng, Nanning",
    title="Salient Object Detection: A Discriminative Regional Feature Integration Approach",
    journal=IJCV,
    year="2017",
    volume="123",
    number="2",
    pages="251--268",
    issn="1573-1405",
    doi="10.1007/s11263-016-0977-3"
}
@inproceedings{Zhao2017PSP,
  title={Pyramid Scene Parsing Network},
  author={Hengshuang Zhao and Jianping Shi and Xiaojuan Qi and Xiaogang Wang and Jiaya Jia},
  booktitle=CVPR,
  year={2017}
}

@article{liu2017richer,
  author = {Yun Liu and Ming-Ming Cheng and Xiaowei Hu and Jia-Wang Bian and Le Zhang and Xiang Bai and Jinhui Tang},
  title = {Richer Convolutional Features for Edge Detection},
  year  = {2019},
  journal= PAMI,
  volume={41}, 
  number={8}, 
  pages={1939 - 1946}, 
  doi = {10.1109/TPAMI.2018.2878849},
}



@inproceedings{AdversErasingCVPR2017,
  title={Object Region Mining with Adversarial Erasing: A Simple Classification to Semantic Segmentation Approach},
  author={Yunchao Wei and Jiashi Feng and Xiaodan Liang and Ming-Ming Cheng and Yao Zhao and Shuicheng Yan},
  booktitle=CVPR,
  year={2017},
}


@article{hou2017deeply,
  title={Deeply supervised salient object detection with short connections},
  author={Hou, Qibin and Cheng, Ming-Ming and Hu, Xiaowei and Borji, Ali and Tu, Zhuowen and Torr, Philip},
  year  = {2019},
  volume={41}, 
  number={4}, 
  pages={815-828}, 
  journal= PAMI,
  doi = {10.1109/TPAMI.2018.2815688},
}


@article{chen2017rethinking,
  title={Rethinking atrous convolution for semantic image segmentation},
  author={Chen, Liang-Chieh and Papandreou, George and Schroff, Florian and Adam, Hartwig},
  journal={arXiv preprint arXiv:1706.05587},
  year={2017}
}
@inproceedings{zhang2017amulet,
  title={Amulet: Aggregating multi-level convolutional features for salient object detection},
  author={Zhang, Pingping and Wang, Dong and Lu, Huchuan and Wang, Hongyu and Ruan, Xiang},
  booktitle=CVPR,
  pages={202--211},
  year={2017}
}
@inproceedings{huang2017densely,
  title={Densely Connected Convolutional Networks.},
  author={Huang, Gao and Liu, Zhuang and Van Der Maaten, Laurens and Weinberger, Kilian Q},
  booktitle=CVPR,
  year={2017}
}
@InProceedings{Chollet_2017_CVPR,
author = {Chollet, Francois},
title = {Xception: Deep Learning With Depthwise Separable Convolutions},
booktitle = CVPR,
month = {July},
year = {2017}
}
@inproceedings{xie2017aggregated,
  title={Aggregated residual transformations for deep neural networks},
  author={Xie, Saining and Girshick, Ross and Doll{\'a}r, Piotr and Tu, Zhuowen and He, Kaiming},
  booktitle=CVPR,
  pages={5987--5995},
  year={2017},
  organization={IEEE}
}
@article{cheng2017survey,
  title={A survey of model compression and acceleration for deep neural networks},
  author={Cheng, Yu and Wang, Duo and Zhou, Pan and Zhang, Tao},
  journal={arXiv preprint arXiv:1710.09282},
  year={2017}
}

@article{paszke2017automatic,
  title={Automatic differentiation in PyTorch},
  author={Paszke, Adam and Gross, Sam and Chintala, Soumith and Chanan, Gregory and Yang, Edward and DeVito, Zachary and Lin, Zeming and Desmaison, Alban and Antiga, Luca and Lerer, Adam},
  year={2017}
}
@inproceedings{selvaraju2017grad,
  title={Grad-CAM: Visual Explanations from Deep Networks via Gradient-Based Localization.},
  author={Selvaraju, Ramprasaath R and Cogswell, Michael and Das, Abhishek and Vedantam, Ramakrishna and Parikh, Devi and Batra, Dhruv and others},
  booktitle=ICCV,
  pages={618--626},
  year={2017}
}
@inproceedings{bulat2017far,
  title={How far are we from solving the 2d \& 3d face alignment problem?(and a dataset of 230,000 3d facial landmarks)},
  author={Bulat, Adrian and Tzimiropoulos, Georgios},
  booktitle=CVPR,
  pages={1021--1030},
  year={2017}
}
@inproceedings{najibi2017ssh,
  title={Ssh: Single stage headless face detector},
  author={Najibi, Mahyar and Samangouei, Pouya and Chellappa, Rama and Davis, Larry S},
  booktitle={Proceedings of the IEEE International Conference on Computer Vision},
  pages={4875--4884},
  year={2017}
}
@InProceedings{Xiao_2018_ECCV,
author = {Xiao, Bin and Wu, Haiping and Wei, Yichen},
title = {Simple Baselines for Human Pose Estimation and Tracking},
booktitle = ECCV,
month = {September},
year = {2018}
}
@article{chen2018deeplab,
  title={Deeplab: Semantic image segmentation with deep convolutional nets, atrous convolution, and fully connected crfs},
  author={Chen, Liang-Chieh and Papandreou, George and Kokkinos, Iasonas and Murphy, Kevin and Yuille, Alan L},
  journal=PAMI,
  volume={40},
  number={4},
  pages={834--848},
  year={2018},
  publisher={IEEE}
}
@inproceedings{yu2018deep,
  title={Deep Layer Aggregation},
  author={Yu, Fisher and Wang, Dequan and Shelhamer, Evan and Darrell, Trevor},
  booktitle=CVPR,
  pages={2403--2412},
  year={2018}
}

@inproceedings{hu2018senet,
  title={Squeeze-and-Excitation Networks},
  author={Jie Hu and Li Shen and Gang Sun},
  booktitle=CVPR,
  year={2018}
}

@inproceedings{zhao2018hifi,
  title={Hi-{F}i: Hierarchical Feature Integration for Skeleton Detection},
  author={Zhao, Kai and Shen, Wei and Gao, Shanghua and Li, Dandan and Cheng, Ming-Ming},
  booktitle=IJCAI,
  year={2018}
}
@InProceedings{Ma_2018_ECCV,
author = {Ma, Ningning and Zhang, Xiangyu and Zheng, Hai-Tao and Sun, Jian},
title = {ShuffleNet V2: Practical Guidelines for Efficient CNN Architecture Design},
booktitle = ECCV,
month = {September},
year = {2018}
}
@InProceedings{Fan_2018_ECCV,
author = {Fan, Deng-Ping and Cheng, Ming-Ming and Liu, Jiang-Jiang and Gao, Shang-Hua and Hou, Qibin and Borji, Ali},
title = {Salient Objects in Clutter: Bringing Salient Object Detection to the Foreground},
booktitle = ECCV,
month = {September},
year = {2018}
}
@InProceedings{Chen_2018_ECCV,
author = {Chen, Liang-Chieh and Zhu, Yukun and Papandreou, George and Schroff, Florian and Adam, Hartwig},
title = {Encoder-Decoder with Atrous Separable Convolution for Semantic Image Segmentation},
booktitle = {The European Conference on Computer Vision (ECCV)},
month = {September},
year = {2018}
}
@article{yu2018slimmable,
  title={Slimmable Neural Networks},
  author={Yu, Jiahui and Yang, Linjie and Xu, Ning and Yang, Jianchao and Huang, Thomas S},
  journal={arXiv preprint arXiv:1812.08928},
  year={2018}
}

@InProceedings{chen2019drop,
  title={Drop an octave: Reducing spatial redundancy in convolutional neural networks with octave convolution},
  author={Chen, Yunpeng and Fang, Haoqi and Xu, Bing and Yan, Zhicheng and Kalantidis, Yannis and Rohrbach, Marcus and Yan, Shuicheng and Feng, Jiashi},
  booktitle = CVPR,
  year={2019}
}

@inproceedings{chen2018biglittle,
    title={{Big-Little Net: An Efficient Multi-Scale Feature Representation for Visual and Speech Recognition}},
    author={Chun-Fu (Richard) Chen and Quanfu Fan and Neil Mallinar and Tom Sercu and Rogerio Feris},
    booktitle=ICML,
    year={2019},
}

@inproceedings{cheng2019high,
  title={High Frequency Residual Learning for Multi-Scale Image Classification},
  author={Cheng, Bowen and Xiao, Rong and Wang, Jianfeng and Huang, Thomas and Zhang, Lei},
  booktitle=BMVC,
  year={2019}
}
@inproceedings{SunXLW19,
  title={Deep High-Resolution Representation Learning for Human Pose Estimation},
  author={Ke Sun and Bin Xiao and Dong Liu and Jingdong Wang},
  booktitle=CVPR,
  year={2019}
}

@article{SunZJCXLMWLW19,
  title={High-Resolution Representations for Labeling Pixels and Regions},
  author={Ke Sun and Yang Zhao and Borui Jiang and Tianheng Cheng and Bin Xiao 
  and Dong Liu and Yadong Mu and Xinggang Wang and Wenyu Liu and Jingdong Wang},
  journal   = {CoRR},
  volume    = {abs/1904.04514},
  year={2019}
}

@Article{BingObjCheng2018,
  author="Cheng, Ming-Ming and Liu, Yun and Lin, Wen-Yan and Zhang, Ziming and Rosin, Paul L. and Torr, Philip H. S.",
  title="BING: Binarized normed gradients for objectness estimation at 300fps",
  journal="Computational Visual Media",
  year="2019",
  month="Mar",
  day="01",
  volume="5",
  number="1",
  pages="3--20",
  doi="10.1007/s41095-018-0120-1",
  url="https://doi.org/10.1007/s41095-018-0120-1"
}

@Article{BorjiCVM2019,
  author="Borji, Ali and Cheng, Ming-Ming and Hou, Qibin and Jiang, Huaizu and Li, Jia",
  title="Salient object detection: A survey",
  journal="Computational Visual Media",
  year="2019",
  volume="5",
  number="2",
  pages="117--150",
  issn="2096-0662",
  doi="10.1007/s41095-019-0149-9",
}

@inproceedings{Liu2019PoolSal,
  title={A Simple Pooling-Based Design for Real-Time Salient Object Detection},
  author={Jiang-Jiang Liu and Qibin Hou and Ming-Ming Cheng and Jiashi Feng and Jianmin Jiang},
  booktitle= CVPR,
  year={2019},
}

@inproceedings{nie2019multi,
  title={Multi-Level Context Ultra-Aggregation for Stereo Matching},
  author={Nie, Guang-Yu and Cheng, Ming-Ming and Liu, Yun and Liang, Zhengfa and Fan, Deng-Ping and Liu, Yue and Wang, Yongtian},
  booktitle=CVPR,
  pages={3283--3291},
  year={2019}
}

@inproceedings{Zhao2019RgbdSal,
  title={Contrast Prior and Fluid Pyramid Integration for RGBD Salient Object Detection},
  author={Jiaxing Zhao and Yang Cao and Deng-Ping Fan and Xuan-Yi Li and Le Zhang and Ming-Ming Cheng},
  booktitle= CVPR,
  year={2019},
}

@InProceedings{zhao2019optimizing,
  author    = {Kai Zhao and Shanghua Gao and Wenguan Wang and Ming-Ming Cheng},
  title     = {Optimizing the {F}-measure for Threshold-free Salient Object Detection},
  booktitle = ICCV,
  year      = {2019},
}