@string{accv = {Proc. {ACCV}}}

@string{aistats = {Proc. {AISTATS}}}

@string{arxiv = {arXiv}}

@string{bmvc = {Proc. {BMVC}}}

@string{cvpr = {Proc. {CVPR}}}

@string{eccv = {Proc. {ECCV}}}

@string{iccv = {Proc. {ICCV}}}

@string{icip = {Proc. {ICIP}}}

@string{iclr = {Proc. {ICLR}}}

@string{iclrw = {Proc. {ICLR} Workshop}}

@string{icml = {Proc. {ICML}}}

@string{icpr = {Proc. {ICPR}}}

@string{ijcv = {{IJCV}}}

@string{inria = {{INRIA}}}

@string{mit = {{MIT}}}

@string{nips = {Proc. {NIPS}}}

@string{pami = {{PAMI}}}

@inproceedings{lin2014microsoft,
  title={Microsoft {COCO}: Common objects in context},
  author={Lin, Tsung-Yi and Maire, Michael and Belongie, Serge and Hays, James and Perona, Pietro and Ramanan, Deva and Doll{\'a}r, Piotr and Zitnick, C Lawrence},
  booktitle=eccv,
  pages={740--755},
  year={2014},
  organization={Springer}
}

@inproceedings{girshick2014rich,
  title={Rich feature hierarchies for accurate object detection and semantic segmentation},
  author={Girshick, Ross and Donahue, Jeff and Darrell, Trevor and Malik, Jitendra},
  booktitle={Proceedings of the IEEE conference on computer vision and pattern recognition},
  pages={580--587},
  year={2014}
}

@inproceedings{long2015fully,
  title={Fully convolutional networks for semantic segmentation},
  author={Long, Jonathan and Shelhamer, Evan and Darrell, Trevor},
  booktitle={Proceedings of the IEEE conference on computer vision and pattern recognition},
  pages={3431--3440},
  year={2015}
}

@InProceedings{Chatfield14,
  author       = "Chatfield, K. and Simonyan, K. and Vedaldi, A. and Zisserman, A.",
  title        = "Return of the Devil in the Details: Delving Deep into Convolutional Nets",
  booktitle    = "British Machine Vision Conference",
  year         = "2014",
}

@article{hartigan1972direct,
  title={Direct clustering of a data matrix},
  author={Hartigan, John A},
  journal={Journal of the american statistical association},
  volume={67},
  number={337},
  pages={123--129},
  year={1972},
  publisher={Taylor \& Francis}
}

@article{badrinarayanan2017segnet,
  title={Segnet: A deep convolutional encoder-decoder architecture for image segmentation},
  author={Badrinarayanan, Vijay and Kendall, Alex and Cipolla, Roberto},
  journal={IEEE transactions on pattern analysis and machine intelligence},
  volume={39},
  number={12},
  pages={2481--2495},
  year={2017},
  publisher={IEEE}
}

@article{chen2016deeplab,
  title={Deeplab: Semantic image segmentation with deep convolutional nets, atrous convolution, and fully connected crfs},
  author={Chen, Liang-Chieh and Papandreou, George and Kokkinos, Iasonas and Murphy, Kevin and Yuille, Alan L},
  journal={arXiv preprint arXiv:1606.00915},
  year={2016}
}

@inproceedings{he2016deep,
  title={Deep residual learning for image recognition},
  author={He, Kaiming and Zhang, Xiangyu and Ren, Shaoqing and Sun, Jian},
  booktitle={Proceedings of the IEEE conference on computer vision and pattern recognition},
  pages={770--778},
  year={2016}
}

@inproceedings{papandreou2015weakly,
  title={Weakly-and semi-supervised learning of a deep convolutional network for semantic image segmentation},
  author={Papandreou, George and Chen, Liang-Chieh and Murphy, Kevin P and Yuille, Alan L},
  booktitle={Proceedings of the IEEE international conference on computer vision},
  pages={1742--1750},
  year={2015}
}

@inproceedings{agrawal2015learning,
  title={Learning to see by moving},
  author={Agrawal, Pulkit and Carreira, Joao and Malik, Jitendra},
  booktitle={Computer Vision (ICCV), 2015 IEEE International Conference on},
  pages={37--45},
  year={2015},
  organization={IEEE}
}

@article{fergus2010learning,
  title={Learning object categories from internet image searches},
  author={Fergus, Rob and Fei-Fei, Li and Perona, Pietro and Zisserman, Andrew},
  journal={Proceedings of the IEEE},
  volume={98},
  number={8},
  pages={1453--1466},
  year={2010},
  publisher={IEEE}
}

@article{hu2017Blearning,
  title={Learning to Segment Every Thing},
  author={Hu, Ronghang and Doll{\'a}r, Piotr and He, Kaiming and Darrell, Trevor and Girshick, Ross},
  journal={arXiv preprint arXiv:1711.10370},
  year={2017}
}

@inproceedings{dai2015boxsup,
  title={Boxsup: Exploiting bounding boxes to supervise convolutional networks for semantic segmentation},
  author={Dai, Jifeng and He, Kaiming and Sun, Jian},
  booktitle={Proceedings of the IEEE International Conference on Computer Vision},
  pages={1635--1643},
  year={2015}
}

@inproceedings{pathak2015constrained,
  title={Constrained convolutional neural networks for weakly supervised segmentation},
  author={Pathak, Deepak and Krahenbuhl, Philipp and Darrell, Trevor},
  booktitle={Proceedings of the IEEE international conference on computer vision},
  pages={1796--1804},
  year={2015}
}

@article{vincent2010stacked,
  title={Stacked denoising autoencoders: Learning useful representations in a deep network with a local denoising criterion},
  author={Vincent, Pascal and Larochelle, Hugo and Lajoie, Isabelle and Bengio, Yoshua and Manzagol, Pierre-Antoine},
  journal={Journal of Machine Learning Research},
  volume={11},
  number={Dec},
  pages={3371--3408},
  year={2010}
}

@inproceedings{noroozi2016unsupervised,
  title={Unsupervised learning of visual representations by solving jigsaw puzzles},
  author={Noroozi, Mehdi and Favaro, Paolo},
  booktitle={European Conference on Computer Vision},
  pages={69--84},
  year={2016},
  organization={Springer}
}

@inproceedings{pathak2016context,
  title={Context encoders: Feature learning by inpainting},
  author={Pathak, Deepak and Krahenbuhl, Philipp and Donahue, Jeff and Darrell, Trevor and Efros, Alexei A},
  booktitle={Proceedings of the IEEE Conference on Computer Vision and Pattern Recognition},
  pages={2536--2544},
  year={2016}
}

@inproceedings{lee2017unsupervised,
  title={Unsupervised representation learning by sorting sequences},
  author={Lee, Hsin-Ying and Huang, Jia-Bin and Singh, Maneesh and Yang, Ming-Hsuan},
  booktitle={2017 IEEE International Conference on Computer Vision (ICCV)},
  pages={667--676},
  year={2017},
  organization={IEEE}
}

@article{cruz2017deeppermnet,
  title={DeepPermNet: Visual Permutation Learning},
  author={Cruz, Rodrigo Santa and Fernando, Basura and Cherian, Anoop and Gould, Stephen},
  journal={arXiv preprint arXiv:1704.02729},
  year={2017}
}

@inproceedings{doersch2015unsupervised,
  title={Unsupervised visual representation learning by context prediction},
  author={Doersch, Carl and Gupta, Abhinav and Efros, Alexei A},
  booktitle={Proceedings of the IEEE International Conference on Computer Vision},
  pages={1422--1430},
  year={2015}
}

@inproceedings{friedman2001multivariate,
  title={Multivariate information bottleneck},
  author={Friedman, Nir and Mosenzon, Ori and Slonim, Noam and Tishby, Naftali},
  booktitle={Proceedings of the Seventeenth conference on Uncertainty in artificial intelligence},
  pages={152--161},
  year={2001},
  organization={Morgan Kaufmann Publishers Inc.}
}

@article{dosovitskiy2015discriminative,
  title={Discriminative unsupervised feature learning with exemplar convolutional neural networks},
  author={Dosovitskiy, Alexey and Fischer, Philipp and Springenberg, Jost Tobias and Riedmiller, Martin and Brox, Thomas},
  journal={IEEE transactions on pattern analysis and machine intelligence},
  volume={38},
  number={9},
  pages={1734--1747},
  year={2015},
  publisher={IEEE}
}

@article{lowe2004distinctive,
  title={Distinctive image features from scale-invariant keypoints},
  author={Lowe, David G},
  journal={International journal of computer vision},
  volume={60},
  number={2},
  pages={91--110},
  year={2004},
  publisher={Springer}
}

@article{simonyan2014very,
  title={Very deep convolutional networks for large-scale image recognition},
  author={Simonyan, Karen and Zisserman, Andrew},
  journal={arXiv preprint arXiv:1409.1556},
  year={2014}
}

@article{caesar2016coco,
  title={COCO-Stuff: Thing and stuff classes in context},
  author={Caesar, Holger and Uijlings, Jasper and Ferrari, Vittorio},
  journal={arXiv preprint arXiv:1612.03716},
  year={2016}
}

@article{isola2015learning,
  title={Learning visual groups from co-occurrences in space and time},
  author={Isola, Phillip and Zoran, Daniel and Krishnan, Dilip and Adelson, Edward H},
  journal={arXiv preprint arXiv:1511.06811},
  year={2015}
}

@inproceedings{chang2017deep,
  title={Deep Adaptive Image Clustering},
  author={Chang, Jianlong and Wang, Lingfeng and Meng, Gaofeng and Xiang, Shiming and Pan, Chunhong},
  booktitle={Proceedings of the IEEE Conference on Computer Vision and Pattern Recognition},
  pages={5879--5887},
  year={2017}
}

@misc{potsdam,
  author = "{ISPRS}",
  title = {{ISPRS 2D Semantic Labeling Contest}},
  howpublished = "\url{http://www2.isprs.org/commissions/comm3/wg4/semantic-labeling.html}",
  year = {}, 
  note = "[Online; accessed 10-October-2018]"
}

@inproceedings{coates2011analysis,
  title={An analysis of single-layer networks in unsupervised feature learning},
  author={Coates, Adam and Ng, Andrew and Lee, Honglak},
  booktitle={Proceedings of the fourteenth international conference on artificial intelligence and statistics},
  pages={215--223},
  year={2011}
}

@article{kingma2014adam,
  title={Adam: A method for stochastic optimization},
  author={Kingma, Diederik P and Ba, Jimmy},
  journal={arXiv preprint arXiv:1412.6980},
  year={2014}
}

@book{cover2012elements,
  title={Elements of information theory},
  author={Cover, Thomas M and Thomas, Joy A},
  year={2012},
  publisher={John Wiley \& Sons}
}

@inproceedings{greff2016tagger,
  title={Tagger: Deep unsupervised perceptual grouping},
  author={Greff, Klaus and Rasmus, Antti and Berglund, Mathias and Hao, Tele and Valpola, Harri and Schmidhuber, Juergen},
  booktitle={Advances in Neural Information Processing Systems},
  pages={4484--4492},
  year={2016}
}

@inproceedings{yang2016joint,
  title={Joint unsupervised learning of deep representations and image clusters},
  author={Yang, Jianwei and Parikh, Devi and Batra, Dhruv},
  booktitle={Proceedings of the IEEE Conference on Computer Vision and Pattern Recognition},
  pages={5147--5156},
  year={2016}
}

@article{greff2015binding,
  title={Binding via reconstruction clustering},
  author={Greff, Klaus and Srivastava, Rupesh Kumar and Schmidhuber, J{\"u}rgen},
  journal={arXiv preprint arXiv:1511.06418},
  year={2015}
}

@article{becker1992self,
  title={Self-organizing neural network that discovers surfaces in random-dot stereograms},
  author={Becker, Suzanna and Hinton, Geoffrey E},
  journal={Nature},
  volume={355},
  number={6356},
  pages={161},
  year={1992},
  publisher={Nature Publishing Group}
}

@inproceedings{wang2010information,
  title={Information bottleneck co-clustering},
  author={Wang, Pu and Domeniconi, Carlotta and Laskey, Kathryn Blackmond},
  organization={Citeseer}
}
    
@article{caron2018deep,
  title={Deep clustering for unsupervised learning of visual features},
  author={Caron, Mathilde and Bojanowski, Piotr and Joulin, Armand and Douze, Matthijs},
  journal={arXiv preprint arXiv:1807.05520},
  year={2018}
}

@inproceedings{xie2016unsupervised,
  title={Unsupervised deep embedding for clustering analysis},
  author={Xie, Junyuan and Girshick, Ross and Farhadi, Ali},
  booktitle={International conference on machine learning},
  pages={478--487},
  year={2016}
}

@article{hu2017learning,
  title={Learning discrete representations via information maximizing self-augmented training},
  author={Hu, Weihua and Miyato, Takeru and Tokui, Seiya and Matsumoto, Eiichi and Sugiyama, Masashi},
  journal={arXiv preprint arXiv:1702.08720},
  year={2017}
}

@article{hjelm2018learning,
  title={Learning deep representations by mutual information estimation and maximization},
  author={Hjelm, R Devon and Fedorov, Alex and Lavoie-Marchildon, Samuel and Grewal, Karan and Bachman, Phil and Trischler, Adam and Bengio, Yoshua},
  journal={arXiv preprint arXiv:1808.06670},
  year={2018}
}

@article{belghazi2018mine,
  title={MINE: mutual information neural estimation},
  author={Belghazi, Ishmael and Rajeswar, Sai and Baratin, Aristide and Hjelm, R Devon and Courville, Aaron},
  journal={arXiv preprint arXiv:1801.04062},
  year={2018}
}

@inproceedings{bautista2016cliquecnn,
  title={Cliquecnn: Deep unsupervised exemplar learning},
  author={Bautista, Miguel A and Sanakoyeu, Artsiom and Tikhoncheva, Ekaterina and Ommer, Bjorn},
  booktitle={Advances in Neural Information Processing Systems},
  pages={3846--3854},
  year={2016}
}

@inproceedings{dalal2005histograms,
  title={Histograms of oriented gradients for human detection},
  author={Dalal, Navneet and Triggs, Bill},
  booktitle={Computer Vision and Pattern Recognition, 2005. CVPR 2005. IEEE Computer Society Conference on},
  volume={1},
  pages={886--893},
  year={2005},
  organization={IEEE}
}

@inproceedings{haeusser2018associative,
  title={Associative deep clustering: Training a classification network with no labels},
  author={Haeusser, Philip and Plapp, Johannes and Golkov, Vladimir and Aljalbout, Elie and Cremers, Daniel},
  booktitle={German Conference on Pattern Recognition},
  pages={18--32},
  year={2018},
  organization={Springer}
}

@inproceedings{zou2012deep,
  title={Deep learning of invariant features via simulated fixations in video},
  author={Zou, Will and Zhu, Shenghuo and Yu, Kai and Ng, Andrew Y},
  booktitle={Advances in neural information processing systems},
  pages={3203--3211},
  year={2012}
}

@article{sohn2012learning,
  title={Learning invariant representations with local transformations},
  author={Sohn, Kihyuk and Lee, Honglak},
  journal={arXiv preprint arXiv:1206.6418},
  year={2012}
}

@inproceedings{hui2013direct,
  title={Direct modeling of complex invariances for visual object features},
  author={Hui, Ka Yu},
  booktitle={International Conference on Machine Learning},
  pages={352--360},
  year={2013}
}

@inproceedings{jaderberg2015spatial,
  title={Spatial transformer networks},
  author={Jaderberg, Max and Simonyan, Karen and Zisserman, Andrew and others},
  booktitle={Advances in neural information processing systems},
  pages={2017--2025},
  year={2015}
}

@incollection{kuhn2010hungarian,
  title={The Hungarian method for the assignment problem},
  author={Kuhn, Harold W},
  booktitle={50 Years of Integer Programming 1958-2008},
  pages={29--47},
  year={2010},
  publisher={Springer}
}

@article{radford2015unsupervised,
  title={Unsupervised representation learning with deep convolutional generative adversarial networks},
  author={Radford, Alec and Metz, Luke and Chintala, Soumith},
  journal={arXiv preprint arXiv:1511.06434},
  year={2015}
}

@article{zhao2015stacked,
  title={Stacked what-where auto-encoders},
  author={Zhao, Junbo and Mathieu, Michael and Goroshin, Ross and Lecun, Yann},
  journal={arXiv preprint arXiv:1506.02351},
  year={2015}
}

@article{kingma2013auto,
  title={Auto-encoding variational bayes},
  author={Kingma, Diederik P and Welling, Max},
  journal={arXiv preprint arXiv:1312.6114},
  year={2013}
}

@article{ng2011sparse,
  title={Sparse autoencoder},
  author={Ng, Andrew},
  journal={CS294A Lecture notes},
  pages={1--19},
  year={2011}
}

@inproceedings{bengio2007greedy,
  title={Greedy layer-wise training of deep networks},
  author={Bengio, Yoshua and Lamblin, Pascal and Popovici, Dan and Larochelle, Hugo},
  booktitle={Advances in neural information processing systems},
  pages={153--160},
  year={2007}
}

@article{wang2015optimized,
  title={Optimized cartesian k-means},
  author={Wang, Jianfeng and Wang, Jingdong and Song, Jingkuan and Xu, Xin-Shun and Shen, Heng Tao and Li, Shipeng},
  journal={IEEE Transactions on Knowledge \& Data Engineering},
  number={1},
  year = {2015},
  pages={1--1},
  publisher={IEEE}
}

@inproceedings{zelnik2005self,
  title={Self-tuning spectral clustering},
  author={Zelnik-Manor, Lihi and Perona, Pietro},
  booktitle={Advances in neural information processing systems},
  pages={1601--1608},
  year={2005}
}

@inproceedings{hinton2011transforming,
  title={Transforming auto-encoders},
  author={Hinton, Geoffrey E and Krizhevsky, Alex and Wang, Sida D},
  booktitle={International Conference on Artificial Neural Networks},
  pages={44--51},
  year={2011},
  organization={Springer}
}
    
@article{dundar2015convolutional,
  title={Convolutional clustering for unsupervised learning},
  author={Dundar, Aysegul and Jin, Jonghoon and Culurciello, Eugenio},
  journal={arXiv preprint arXiv:1511.06241},
  year={2015}
}

@article{devries2017improved,
  title={Improved regularization of convolutional neural networks with cutout},
  author={DeVries, Terrance and Taylor, Graham W},
  journal={arXiv preprint arXiv:1708.04552},
  year={2017}
}

@article{scikit-learn,
  title={Scikit-learn: Machine learning in Python},
  author={Pedregosa, Fabian and Varoquaux, Ga{\"e}l and Gramfort, Alexandre and Michel, Vincent and Thirion, Bertrand and Grisel, Olivier and Blondel, Mathieu and Prettenhofer, Peter and Weiss, Ron and Dubourg, Vincent and others},
  journal={Journal of machine learning research},
  volume={12},
  number={Oct},
  pages={2825--2830},
  year={2011}
}

@article{learned2013entropy,
  title={Entropy and mutual information},
  author={Learned-Miller, Erik G}
}

@inproceedings{deng2009imagenet,
  title={Imagenet: A large-scale hierarchical image database},
  author={Deng, Jia and Dong, Wei and Socher, Richard and Li, Li-Jia and Li, Kai and Fei-Fei, Li},
  booktitle={2009 IEEE conference on computer vision and pattern recognition},
  pages={248--255},
  year={2009},
  organization={Ieee}
}
        
@inproceedings{schultz2004learning,
  title={Learning a distance metric from relative comparisons},
  author={Schultz, Matthew and Joachims, Thorsten},
  booktitle={Advances in neural information processing systems},
  pages={41--48},
  year={2004}
}

@inproceedings{bautista2017deep,
  title={Deep unsupervised similarity learning using partially ordered sets},
  author={Bautista, Miguel A and Sanakoyeu, Artsiom and Ommer, Bjorn},
  booktitle={Proceedings of the IEEE Conference on Computer Vision and Pattern Recognition},
  pages={7130--7139},
  year={2017}
}

@article{chen2018deeplab,
  title={Deeplab: Semantic image segmentation with deep convolutional nets, atrous convolution, and fully connected crfs},
  author={Chen, Liang-Chieh and Papandreou, George and Kokkinos, Iasonas and Murphy, Kevin and Yuille, Alan L},
  journal={IEEE transactions on pattern analysis and machine intelligence},
  volume={40},
  number={4},
  pages={834--848},
  year={2018},
  publisher={IEEE}
}

@inproceedings{dhillon2003information,
  title={Information-theoretic co-clustering},
  author={Dhillon, Inderjit S and Mallela, Subramanyam and Modha, Dharmendra S},
  booktitle={Proceedings of the ninth ACM SIGKDD international conference on Knowledge discovery and data mining},
  pages={89--98},
  year={2003},
  organization={ACM}
}

@inproceedings{oyallon2017scaling,
  title={Scaling the scattering transform: Deep hybrid networks},
  author={Oyallon, Edouard and Belilovsky, Eugene and Zagoruyko, Sergey},
  booktitle={Proceedings of the IEEE international conference on computer vision},
  pages={5618--5627},
  year={2017}
}