@article{devlin2018bert,
  title={Bert: Pre-training of deep bidirectional transformers for language understanding},
  author={Devlin, Jacob and Chang, Ming-Wei and Lee, Kenton and Toutanova, Kristina},
  journal={arXiv preprint arXiv:1810.04805},
  year={2018}
}

@article{peters2017semi,
  title={Semi-supervised sequence tagging with bidirectional language models},
  author={Peters, Matthew E and Ammar, Waleed and Bhagavatula, Chandra and Power, Russell},
  journal={arXiv preprint arXiv:1705.00108},
  year={2017}
}

@article{radford2018improving,
  title={Improving language understanding by generative pre-training},
  author={Radford, Alec and Narasimhan, Karthik and Salimans, Tim and Sutskever, Ilya},
  journal={URL https://s3-us-west-2. amazonaws. com/openai-assets/research-covers/language-unsupervised/language\_ understanding\_paper. pdf},
  year={2018}
}

@article{seo2016bidirectional,
  title={Bidirectional attention flow for machine comprehension},
  author={Seo, Minjoon and Kembhavi, Aniruddha and Farhadi, Ali and Hajishirzi, Hannaneh},
  journal={arXiv preprint arXiv:1611.01603},
  year={2016}
}

@article{chen2017reading,
  title={Reading wikipedia to answer open-domain questions},
  author={Chen, Danqi and Fisch, Adam and Weston, Jason and Bordes, Antoine},
  journal={arXiv preprint arXiv:1704.00051},
  year={2017}
}

@article{clark2017simple,
  title={Simple and effective multi-paragraph reading comprehension},
  author={Clark, Christopher and Gardner, Matt},
  journal={arXiv preprint arXiv:1710.10723},
  year={2017}
}

@article{yu2018qanet,
  title={QANet: Combining Local Convolution with Global Self-Attention for Reading Comprehension},
  author={Yu, Adams Wei and Dohan, David and Luong, Minh-Thang and Zhao, Rui and Chen, Kai and Norouzi, Mohammad and Le, Quoc V},
  journal={arXiv preprint arXiv:1804.09541},
  year={2018}
}

@article{rajpurkar2016squad,
  title={Squad: 100,000+ questions for machine comprehension of text},
  author={Rajpurkar, Pranav and Zhang, Jian and Lopyrev, Konstantin and Liang, Percy},
  journal={arXiv preprint arXiv:1606.05250},
  year={2016}
}

@article{nguyen2016ms,
  title={MS MARCO: A human generated machine reading comprehension dataset},
  author={Nguyen, Tri and Rosenberg, Mir and Song, Xia and Gao, Jianfeng and Tiwary, Saurabh and Majumder, Rangan and Deng, Li},
  journal={arXiv preprint arXiv:1611.09268},
  year={2016}
}

@article{joshi2017triviaqa,
  title={Triviaqa: A large scale distantly supervised challenge dataset for reading comprehension},
  author={Joshi, Mandar and Choi, Eunsol and Weld, Daniel S and Zettlemoyer, Luke},
  journal={arXiv preprint arXiv:1705.03551},
  year={2017}
}

@article{dhingra2017quasar,
  title={Quasar: Datasets for Question Answering by Search and Reading},
  author={Dhingra, Bhuwan and Mazaitis, Kathryn and Cohen, William W},
  journal={arXiv preprint arXiv:1707.03904},
  year={2017}
}

@inproceedings{dietz2017trec,
  title={TREC Complex Answer Retrieval Overview},
  author={Dietz, Laura and Verma, Manisha and Radlinski, Filip and Craswell, Nick},
  year={2017},
  organization={TREC}
}

@inproceedings{dai2018convolutional,
  title={Convolutional neural networks for soft-matching n-grams in ad-hoc search},
  author={Dai, Zhuyun and Xiong, Chenyan and Callan, Jamie and Liu, Zhiyuan},
  booktitle={Proceedings of the Eleventh ACM International Conference on Web Search and Data Mining},
  pages={126--134},
  year={2018},
  organization={ACM}
}

@inproceedings{mitra2017learning,
  title={Learning to match using local and distributed representations of text for web search},
  author={Mitra, Bhaskar and Diaz, Fernando and Craswell, Nick},
  booktitle={Proceedings of the 26th International Conference on World Wide Web},
  pages={1291--1299},
  year={2017},
  organization={International World Wide Web Conferences Steering Committee}
}

@inproceedings{hui2018co,
  title={Co-pacrr: A context-aware neural ir model for ad-hoc retrieval},
  author={Hui, Kai and Yates, Andrew and Berberich, Klaus and de Melo, Gerard},
  booktitle={Proceedings of the Eleventh ACM International Conference on Web Search and Data Mining},
  pages={279--287},
  year={2018},
  organization={ACM}
}

@inproceedings{guo2016deep,
  title={A deep relevance matching model for ad-hoc retrieval},
  author={Guo, Jiafeng and Fan, Yixing and Ai, Qingyao and Croft, W Bruce},
  booktitle={Proceedings of the 25th ACM International on Conference on Information and Knowledge Management},
  pages={55--64},
  year={2016},
  organization={ACM}
}

@inproceedings{xiong2017end,
  title={End-to-end neural ad-hoc ranking with kernel pooling},
  author={Xiong, Chenyan and Dai, Zhuyun and Callan, Jamie and Liu, Zhiyuan and Power, Russell},
  booktitle={Proceedings of the 40th International ACM SIGIR Conference on Research and Development in Information Retrieval},
  pages={55--64},
  year={2017},
  organization={ACM}
}

@article{macavaneycontextualized,
  title={Contextualized PACRR for Complex Answer Retrieval},
  author={MacAvaney, Sean and Yates, Andrew and Hui, Kai},
  year={2017}
}

@article{lin2019neural,
  title={The Neural Hype and Comparisons Against Weak Baseline},
  author={Lin, Jimmy},
  year={2019}
}

@article{dunn2017searchqa,
  title={SearchQA: A new Q\&A dataset augmented with context from a search engine},
  author={Dunn, Matthew and Sagun, Levent and Higgins, Mike and Guney, V Ugur and Cirik, Volkan and Cho, Kyunghyun},
  journal={arXiv preprint arXiv:1704.05179},
  year={2017}
}

@article{kingma2014adam,
  title={Adam: A method for stochastic optimization},
  author={Kingma, Diederik P and Ba, Jimmy},
  journal={arXiv preprint arXiv:1412.6980},
  year={2014}
}

@article{yang2018anserini,
  title={Anserini: Reproducible ranking baselines using Lucene},
  author={Yang, Peilin and Fang, Hui and Lin, Jimmy},
  journal={Journal of Data and Information Quality (JDIQ)},
  volume={10},
  number={4},
  pages={16},
  year={2018},
  publisher={ACM}
}