@inproceedings{nickel2011three,
  title={{A Three-Way Model for Collective Learning on Multi-Relational Data}},
  author={Nickel, Maximilian and Tresp, Volker and Kriegel, Hans-Peter},
  booktitle={International Conference on Machine Learning},
  year={2011}
}
% volume={11},
% pages={809--816},

@inproceedings{trouillon2016complex,
  title={{Complex Embeddings for Simple Link Prediction}},
  author={Trouillon, Th{\'e}o and Welbl, Johannes and Riedel, Sebastian and Gaussier, {\'E}ric and Bouchard, Guillaume},
  booktitle={International Conference on Machine Learning},
  year={2016}
}
% pages={2071--2080},

@inproceedings{yang2014embedding,
  title={{Embedding Entities and Relations for Learning and Inference in Knowledge Bases}},
  author={Yang, Bishan and Yih, Wen-tau and He, Xiaodong and Gao, Jianfeng and Deng, Li},
  booktitle={International Conference on Learning Representations},
  year={2015}
}

@inproceedings{dettmers2018convolutional,
  title={{Convolutional 2D Knowledge Graph Embeddings}},
  author={Dettmers, Tim and Minervini, Pasquale and Stenetorp, Pontus and Riedel, Sebastian},
  booktitle={Association for the Advancement of Artificial Intelligence},
  year={2018}
}

@inproceedings{ha2016hypernetworks,
  title={{Hypernetworks}},
  author={Ha, David and Dai, Andrew and Le, Quoc V},
  booktitle={International Conference on Learning Representations},
  year={2017}
}

@inproceedings{bordes2013translating,
  title={{Translating Embeddings for Modeling Multi-relational Data}},
  author={Bordes, Antoine and Usunier, Nicolas and Garcia-Duran, Alberto and Weston, Jason and Yakhnenko, Oksana},
  booktitle={Advances in Neural Information Processing Systems},
  year={2013}
}
% pages={2787--2795},

@inproceedings{kingma2014adam,
  title={{Adam: A Method for Stochastic Optimization}},
  author={Kingma, Diederik P and Ba, Jimmy},
   booktitle={International Conference on Learning Representations},
  year={2015}
}

@inproceedings{toutanova2015representing,
  title={{Representing Text for Joint Embedding of Text and Knowledge Bases}},
  author={Toutanova, Kristina and Chen, Danqi and Pantel, Patrick and Poon, Hoifung and Choudhury, Pallavi and Gamon, Michael},
  booktitle={Empirical Methods in Natural Language Processing},
  year={2015}
}
%  pages={1499--1509},

@inproceedings{paszke2017automatic,
  title={{Automatic Differentiation in PyTorch}},
  author={Paszke, Adam and Gross, Sam and Chintala, Soumith and Chanan, Gregory and Yang, Edward and DeVito, Zachary and Lin, Zeming and Desmaison, Alban and Antiga, Luca and Lerer, Adam},
  booktitle={NIPS-W},
  year={2017}
}

@inproceedings{ioffe2015batch,
  title = {{Batch Normalization: Accelerating Deep Network Training by Reducing Internal Covariate Shift}},
  author = 	 {Ioffe, Sergey  and Szegedy,  Christian},
  booktitle={International Conference on Machine Learning},
  year={2015}
}

@article{srivastava2014dropout,
  title={{Dropout: A Simple Way to Prevent Neural Networks from Overfitting}},
  author={Srivastava, Nitish and Hinton, Geoffrey and Krizhevsky, Alex and Sutskever, Ilya and Salakhutdinov, Ruslan},
  journal={Journal of Machine Learning Research},
  volume={15},
  number={1},
  pages={1929--1958},
  year={2014},
  publisher={JMLR. org}
}

@inproceedings{nickel2016holographic,
  title={{Holographic Embeddings of Knowledge Graphs}},
  author={Nickel, Maximilian and Rosasco, Lorenzo and Poggio, Tomaso A},
  booktitle={Association for the Advancement of Artificial Intelligence},
  year={2016}
}
% pages={1955--1961},

@inproceedings{socher2013reasoning,
  title={{Reasoning with Neural Tensor Networks for Knowledge Base Completion}},
  author={Socher, Richard and Chen, Danqi and Manning, Christopher D and Ng, Andrew},
  booktitle={Advances in Neural Information Processing Systems},
  year={2013}
}
% pages={926--934},

@article{maaten2008visualizing,
  title={{Visualizing Data using t-SNE}},
  author={Maaten, Laurens van der and Hinton, Geoffrey},
  journal={Journal of Machine Learning Research},
  volume={9},
  number={Nov},
  pages={2579--2605},
  year={2008}
}

@inproceedings{szegedy2016rethinking,
  title={{Rethinking the Inception Architecture for Computer Vision}},
  author={Szegedy, Christian and Vanhoucke, Vincent and Ioffe, Sergey and Shlens, Jon and Wojna, Zbigniew},
  booktitle={Computer Vision and Pattern Recognition},
  year={2016}
}

@article{pereyra2017regularizing,
  title={Regularizing neural networks by penalizing confident output distributions},
  author={Pereyra, Gabriel and Tucker, George and Chorowski, Jan and Kaiser, {\L}ukasz and Hinton, Geoffrey},
  journal={arXiv preprint arXiv:1701.06548},
  year={2017}
}

@inproceedings{yang2017differentiable,
  title={{Differentiable Learning of Logical Rules for Knowledge Base Reasoning}},
  author={Yang, Fan and Yang, Zhilin and Cohen, William W},
  booktitle={Advances in Neural Information Processing Systems},
  year={2017}
}

@inproceedings{das2018go,
  title={{Go for a Walk and Arrive at the Answer: Reasoning over Paths in Knowledge Bases Using Reinforcement Learning}},
  author={Das, Rajarshi and Dhuliawala, Shehzaad and Zaheer, Manzil and Vilnis, Luke and Durugkar, Ishan and Krishnamurthy, Akshay and Smola, Alex and McCallum, Andrew},
  booktitle={International Conference on Learning Representations},
  year={2018}
}

@inproceedings{schlichtkrull2018modeling,
  title={{Modeling Relational Data with Graph Convolutional Networks}},
  author={Schlichtkrull, Michael and Kipf, Thomas N and Bloem, Peter and van den Berg, Rianne and Titov, Ivan and Welling, Max},
  booktitle={European Semantic Web Conference},
  year={2018}
}

@inproceedings{liu2017analogical,
  title={{Analogical Inference for Multi-relational Embeddings}},
  author={Liu, Hanxiao and Wu, Yuexin and Yang, Yiming},
  booktitle={International Conference on Machine Learning},
  year={2017}
}

@inproceedings{ebisu2018toruse,
  title={{TorusE: Knowledge Graph Embedding on a Lie Group}},
  author={Ebisu, Takuma and Ichise, Ryutaro},
  booktitle={Association for the Advancement of Artificial Intelligence},
  year={2018}
}

@inproceedings{mahdisoltani2013yago3,
  title={{Yago3: A Knowledge Base from Multilingual Wikipedias}},
  author={Mahdisoltani, Farzaneh and Biega, Joanna and Suchanek, Fabian M},
  booktitle={Conference on Innovative Data Systems Research},
  year={2013}
}

@inproceedings{shen2018m,
  title={{M-Walk: Learning to Walk over Graphs using Monte Carlo Tree Search}},
  author={Shen, Yelong and Chen, Jianshu and Huang, Po-Sen and Guo, Yuqing and Gao, Jianfeng},
  booktitle={Advances in Neural Information Processing Systems},
  year={2018}
}

@inproceedings{kazemi2018simple,
  title={{SimplE Embedding for Link Prediction in Knowledge Graphs}},
  author={Kazemi, Seyed Mehran and Poole, David},
  booktitle={Advances in Neural Information Processing Systems},
  year={2018}
}

@inproceedings{balazevic2019hypernetwork,
  title={{Hypernetwork Knowledge Graph Embeddings}},
  author={Bala\v{z}evi\'c, Ivana and Allen, Carl and Hospedales, Timothy M},
  booktitle={International Conference on Artificial Neural Networks},
  year={2019}
}

@article{tucker1966some,
  title={{Some Mathematical Notes on Three-Mode Factor Analysis}},
  author={Tucker, Ledyard R},
  journal={Psychometrika},
  volume={31},
  number={3},
  pages={279--311},
  year={1966}
}

@article{kapteyn1986approach,
  title={{An Approach To n-Mode Components Analysis}},
  author={Kapteyn, Arie and Neudecker, Heinz and Wansbeek, Tom},
  journal={Psychometrika},
  volume={51},
  number={2},
  pages={269--275},
  year={1986},
}


@article{kroonenberg1980principal,
  title={{Principal Component Analysis of Three-Mode Data by Means of Alternating Least Squares Algorithms}},
  author={Kroonenberg, Pieter M and De Leeuw, Jan},
  journal={Psychometrika},
  volume={45},
  number={1},
  pages={69--97},
  year={1980}
}

@article{kolda2009tensor,
  title={{Tensor Decompositions and Applications}},
  author={Kolda, Tamara G and Bader, Brett W},
  journal={SIAM review},
  volume={51},
  number={3},
  pages={455--500},
  year={2009}
}

@article{hitchcock1927expression,
  title={{The Expression of a Tensor or a Polyadic as a Sum of Products}},
  author={Hitchcock, Frank L},
  journal={Journal of Mathematics and Physics},
  volume={6},
  number={1-4},
  pages={164--189},
  year={1927}
}
  
 @article{tucker1964extension,
  title={{The Extension of Factor Analysis to Three-Dimensional Matrices}},
  author={Tucker, Ledyard R},
  journal={Contributions to Mathematical Psychology},
  volume={110119},
  year={1964},
}

@article{nickel2016review,
  title={{A Review of Relational Machine Learning for Knowledge Graphs}},
  author={Nickel, Maximilian and Murphy, Kevin and Tresp, Volker and Gabrilovich, Evgeniy},
  journal={IEEE},
  volume={104},
  number={1},
  pages={11--33},
  year={2016}
}

@article{trouillon2017knowledge,
  title={{Knowledge Graph Completion via Complex Tensor Factorization}},
  author={Trouillon, Th{\'e}o and Dance, Christopher R and Gaussier, {\'E}ric and Welbl, Johannes and Riedel, Sebastian and Bouchard, Guillaume},
  journal={Journal of Machine Learning Research},
  volume={18},
  number={1},
  pages={4735--4772},
  year={2017}
}

@inproceedings{feng2016knowledge,
  title={{Knowledge Graph Embedding by Flexible Translation}},
  author={Feng, Jun and Huang, Minlie and Wang, Mingdong and Zhou, Mantong and Hao, Yu and Zhu, Xiaoyan},
  booktitle={Principles of Knowledge Representation and Reasoning},
  year={2016}
}

@inproceedings{nguyen2016stranse,
  title={{STransE: a Novel Embedding Model of Entities and Relationships in Knowledge Bases}},
  author={Nguyen, Dat Quoc and Sirts, Kairit and Qu, Lizhen and Johnson, Mark},
  booktitle={North American Chapter of the Association for Computational Linguistics: Human Language Technologies},
  year={2016}
}

@inproceedings{dong2014knowledge,
title	= {{Knowledge Vault: A Web-Scale Approach to Probabilistic Knowledge Fusion}},
author	= {Xin Luna Dong and Evgeniy Gabrilovich and Geremy Heitz and Wilko Horn and Ni Lao and Kevin Murphy and Thomas Strohmann and Shaohua Sun and Wei Zhang},
year	= {2014},
booktitle	= {The 20th {ACM} {SIGKDD} International Conference on Knowledge Discovery  and Data Mining}
}

@inproceedings{lacroix2018canonical,
  title={{Canonical Tensor Decomposition for Knowledge Base Completion}},
  author={Lacroix, Timoth{\'e}e and Usunier, Nicolas and Obozinski, Guillaume},
  booktitle={International Conference on Machine Learning},
  year={2018}
}

@inproceedings{sun2019rotate,
  title={{RotatE: Knowledge Graph Embedding by Relational Rotation in Complex Space}},
  author={Sun, Zhiqing and Deng, Zhi-Hong and Nie, Jian-Yun and Tang, Jian},
  booktitle={International Conference on Learning Representations},
  year={2019}
}

@inproceedings{schein2016bayesian,
  title = 	 {{Bayesian Poisson Tucker Decomposition for Learning the Structure of International Relations}},
  author = 	 {Aaron Schein and Mingyuan Zhou and David Blei and Hanna Wallach},
  booktitle = 	 {International Conference on Machine Learning},
  year = 	 {2016}
}

@inproceedings{ben2017mutan,
  title={{MUTAN: Multimodal Tucker Fusion for Visual Question Answering}},
  author={Ben-Younes, Hedi and Cadene, R{\'e}mi and Cord, Matthieu and Thome, Nicolas},
  booktitle={International Conference on Computer Vision},
  year={2017}
}

@inproceedings{yang2017deep,
  title={{Deep Multi-task Representation Learning: A Tensor Factorisation Approach}},
  author={Yang, Yongxin and Hospedales, Timothy},
  booktitle={International Conference on Learning Representations},
  year={2017}
}